@article{goswamiDSEAMSDeferredStructural2020,
  title = {D-{{SEAMS}}: {{Deferred Structural Elucidation Analysis}} for {{Molecular Simulations}}},
  shorttitle = {D-{{SEAMS}}},
  author = {Goswami, Rohit and Goswami, Amrita and Singh, Jayant K.},
  year = {2020},
  month = apr,
  journal = {Journal of Chemical Information and Modeling},
  volume = {60},
  number = {4},
  pages = {2169--2177},
  issn = {1549-9596, 1549-960X},
  doi = {10.1021/acs.jcim.0c00031},
  urldate = {2022-03-17},
  langid = {english}
}
