@article{Nyberg:18,
  author = { Nyberg, B. and  Helland-Hansen, W. and Gawthorpe, R. L.  and  Sandbakken, P. and  Haug Eide, C. and  Somme, T. and  Hadler-Jacobsen, F. and  Leiknes, S.},
  title = {Revisiting morphological relationships of modern source-to-sink segments as a first-order approach to scale ancient sedimentary systems},
  journal = {Sedimentary Geology},
  volume = {373},
  pages = {111--133},
  year = {2018},
  doi = {10.1016/j.sedgeo.2018.06.007}
}

@article{Sclater:80,
author = {Sclater, John G. and Christie, P. A. F.},
title = {{Continental stretching: An explanation of the Post-Mid-Cretaceous subsidence of the central North Sea Basin}},
journal = {Journal of Geophysical Research: Solid Earth},
volume = {85},
number = {B7},
pages = {3711-3739},
doi = {10.1029/JB085iB07p03711},
year = {1980}
}

@article{Howard:94,
author = {Howard, Alan D. and Dietrich, William E. and Seidl, Michele A.},
title = {Modeling fluvial erosion on regional to continental scales},
journal = {Journal of Geophysical Research: Solid Earth},
volume = {99},
number = {B7},
pages = {13971-13986},
doi = {10.1029/94JB00744},
year = {1994}
}

@article{Rivenaes:92,
author = {Rivenaes, Jan C.},
title = {Application of a dual-lithology, depth-dependent diffusion equation in stratigraphic simulation},
journal = {Basin Research},
volume = {4},
number = {2},
pages = {133--146},
doi = {10.1111/j.1365-2117.1992.tb00136.x},
year = {1992}
}

@article{Helland:16,
    author = {Helland-Hansen, W. and Somme, T. O. and Martinsen, O. J. and Lunt, I. and Thurmond, J.},
    title = "{D}eciphering {E}arth's {N}atural {H}ourglasses: {P}erspectives {O}n {S}ource-{T}o-{S}ink {A}nalysis",
    journal = {Journal of Sedimentary Research},
    volume = {86},
    number = {9},
    pages = {1008--1033},
    year = {2016},
    doi = {10.2110/jsr.2016.56}
}

@article{Richardson:14,
  author = {Richardson, A. and Hill, C. N. and Perron, J. T.},
  title = "{IDA}: {A}n implicit, parallelizable method for calculating drainage area",
  journal = {Water Resources Research},
  volume = {50},
  number = {5},
  pages = {4110-4130},
  doi = {10.1002/2013WR014326},
  year = {2014}
}

@article{Barnes:14,
   author = {Barnes, R. and Lehman, C. and Mulla, D.},
    title = "Priority-flood: {A}n optimal depression-filling and watershed-labeling algorithm for digital elevation models",
  journal = {Computers \& Geosciences},
     year = {2014},
   volume = {62},
    pages = {117-127},
      doi = {10.1016/j.cageo.2013.04.024}
}

@article{Yuan:19,
  author = {Yuan, X.P. and Braun, J. and Guerit, L. and Simon, B. and Bovy, B. and Rouby, D. and Robin, C. and Jiao, R.},
  title = "Linking continental erosion to marine sediment transport and deposition: {A} new implicit and {O(N)} method for inverse analysis",
  journal = {Earth and Planetary Science Letters},
  volume = {524},
  pages = {115728},
  year = {2019},
  doi = {10.1016/j.epsl.2019.115728}
}


@article{Salles:19,
  author = {Salles, T.},
  title = "e{SCAPE}: {R}egional to {G}lobal {S}cale {L}andscape {E}volution {M}odel v2.0",
  journal = {Geoscientific Model Development},
  volume = {12},
  year = {2019},
  number = {9},
  pages = {4165--4184},
  doi = {10.5194/gmd-12-4165-2019}
}


@article{Braun:97,
  author = {Braun, J. and Sambridge, M.},
  title = "Modelling landscape evolution on geological time scales: {A} new method based on irregular spatial discretization",
  journal = {Basin Research},
  volume = {9},
  number = {1},
  pages = {27--52},
  year = {1997},
  doi = {10.1046/j.1365-2117.1997.00030.x}
}

@Inbook{Tucker:01,
  author = {Tucker, G. E. and Lancaster, Stephen  and Gasparini, Nicole and Bras, Rafael},
  editor = {Harmon, Russell S.  and Doe, William W.},
  title = "{T}he {C}hannel-{H}illslope {I}ntegrated {L}andscape {D}evelopment {M}odel ({CHILD})",
  bookTitle = {Landscape Erosion and Evolution Modeling},
  publisher = {Springer US},
  address = {Boston, MA},
  pages = {349--388},
  year = {2001},
  doi = {10.1007/978-1-4615-0575-4_12}
}

@article{Hobley:17,
  author = {Hobley, D. E. J. and Adams, J. M. and Nudurupati, S. S. and Hutton, E. W. H. and Gasparini, N. M. and Istanbulluoglu, E. and Tucker, G. E.},
  title = "Creative computing with {L}andlab: an open-source toolkit for building, coupling, and exploring two-dimensional numerical models of {E}arth-surface dynamics",
  journal = {Earth Surface Dynamics},
  volume = {5},
  year = {2017},
  number = {1},
  pages = {21--46},
  doi = {10.5194/esurf-5-21-2017}
}

@Article{barnhart2020short,
AUTHOR = {Barnhart, K. R. and Hutton, E. W. H. and Tucker, G. E. and Gasparini, N. M. and Istanbulluoglu, E. and Hobley, D. E. J. and Lyons, N. J. and Mouchene, M. and Nudurupati, S. S. and Adams, J. M. and Bandaragoda, C.},
TITLE = {Short communication: Landlab v2.0: a software package for Earth surface dynamics},
JOURNAL = {Earth Surface Dynamics},
VOLUME = {8},
YEAR = {2020},
NUMBER = {2},
PAGES = {379--397},
DOI = {10.5194/esurf-8-379-2020}
}

@article{Braun:13,
  author = {Braun, J.
   and  Willett, Sean D.},
  title = "A very efficient {O}(n), implicit and parallel method to solve the stream power equation governing fluvial incision and landscape evolution",
  journal = {Geomorphology},
  volume = {180--181},
  number = {Supplement C},
  pages = {170--179},
  year = {2013},
  doi = {10.1016/j.geomorph.2012.10.008}
}

@article{Tucker:10,
  author = {Tucker, G. E. and Hancock, Gregory R.},
  title = {Modelling landscape evolution},
  journal = {Earth Surface Processes and Landforms},
  volume = {35},
  number = {1},
  pages = {28--50},
  year = {2010},
  doi = {10.1002/esp.1952}
}

@book{Granjeon:99,
  author = {Granjeon, D. and Joseph, P. },
  title = "Concepts and applications of a {3D} multiple lithology, diffusive model in stratigraphic modeling",
  publisher = {in: J.~W. Harbaugh, W.~L. Watney, E.~C. Rankey, R. Slingerland, R.~H. Goldstein \& E.~K. Franseen eds. Numerical Experiments in Stratigraphy: Recent Advances in Stratigraphic and Sedimentological Computer Simulations, vol. 62, SEPM Spec. Pub., Tulsa Ok, pp. 197â€“210.},
  year = {1999},
  doi = {10.2110/pec.99.62.0197}
}

@article{Bhattacharya:16,
  author = {Bhattacharya, J. P. and Peter Copeland, P. and Lawton, T. F. and Holbrook, J.},
  title = {Estimation of source area, river paleo-discharge, paleoslope, and sediment budgets of linked deep-time depositional systems and implications for hydrocarbon potential},
  journal = {Earth-Science Reviews},
  volume = {153},
  pages = {77--110},
  year = {2016},
  doi = {10.1016/j.earscirev.2015.10.013}
}

@book{Ahrens:05,
  author = {Ahrens, J. and Geveci, B. and Law, C.},
  title = "{P}ara{V}iew: {A}n {E}nd-{U}ser {T}ool for {L}arge {D}ata {V}isualization, {V}isualization {H}andbook",
  publisher = {Elsevier},
  year = {2005}
}

@book{Barney:12,
  author = {Barney, B.},
  title = "Message passing interface ({MPI})",
  publisher = {Lawrence Livermore National Laboratory},
  year = {2012}
}

@article{Bianchi:15,
  title = {Numerical modeling of tectonically driven river dynamics and deposition in an upland incised valley},
  journal = {Geomorphology},
  volume = {241},
  pages = {353--370},
  year = {2015},
  doi = {10.1016/j.geomorph.2015.04.007},
  author = {Bianchi, V. and  Salles, T. and  Ghinassi, M. and  Billi, P. and  Dallanave, E. and  Duclaux, G.}
}

@article{Salles:18,
  author = {Salles, T. and Ding, X. and Brocard, G.},
  journal = {PLOS ONE},
  publisher = {Public Library of Science},
  title = "{pyBadlands}: {A} framework to simulate sediment transport, landscape dynamics and basin stratigraphic evolution through space and time",
  year = {2018},
  volume = {13},
  pages = {1--24},
  number = {4},
  doi = {10.1371/journal.pone.0195557}
}

@article{Salles:18b,
  title = "{eSCAPE}: {P}arallel global-scale landscape evolution model",
  journal = {Journal of Open Source Software},
  volume = {3},
  number = {30},
  pages = {964},
  year = {2018},
  author = {Salles, T.},
  doi = {10.21105/joss.00964}
}

@article{Hobley:11,
  author = {Hobley, D. E. J. and Sinclair, Hugh D. and Mudd, Simon M. and Cowie, Patience A.},
  title = {Field calibration of sediment flux dependent river incision},
  journal = {Journal of Geophysical Research: Earth Surface},
  volume = {116},
  number = {F4},
  year = {2011},
  doi = {10.1029/2010jf001935}
}

@book{Schroeder:06,
   author = {Schroeder, W. and Martin, K. and Lorensen, B.},
   title = "{T}he {V}isualization {T}oolkit (4th ed.)",
   publisher = {Kitware},
   year = {2006}
}

@article{Brown:93,
  author = {Brown, S. A and Folk, M. and  Goucher, G. and  Rew, R.},
  title = {Software for Portable Scientific Data Management},
  journal = {Computers in Physics, American Institute of Physics},
  volume = {7},
  number = {3},
  pages = {304--308},
  year = {1993},
  doi = {10.1063/1.4823180}
}

@online{hdf5:10,
  author = {{The HDF Group}},
  title = {Hierarchical data format version 5},
  year = {2000-2010},
  url = {http://www.hdfgroup.org/HDF5}
}

@book{Balay:12,
   author = {Balay, S. and Brown, J. and Buschelman, K. and  Gropp, W. D. and  Kaushik, D. and Knepley,  M. G. and  McInnes, L. C. and Smith, B. F. and Zhang, H.},
   title = {Argonne National Laboratory, PETSc},
   publisher = {{Web page. [Available at http://www.mcs.anl.gov/petsc.]}},
   year = {2012}
}

@article{Salles:11,
  author = {Salles, T. and Griffiths, C. and Dyt, C. and Li, F.},
  title = {Australian shelf sediment transport responses to climate change-driven ocean perturbations},
  journal = {Marine Geology},
  volume = {282},
  number = {3},
  pages = {268--274},
  year = {2011},
  doi = {10.1016/j.margeo.2011.02.014}
}
